<record><leader>00000cas a22000007a 4500</leader><controlfield tag="001">13742983</controlfield><controlfield tag="008">860618d19591990maudr ne      0    0eng  </controlfield><controlfield tag="009">466</controlfield><datafield ind1=" " ind2=" " tag="010"><subfield code="a">sn 86071610 </subfield></datafield><datafield ind1=" " ind2=" " tag="040"><subfield code="a">DLC</subfield><subfield code="b">eng</subfield><subfield code="c">DLC</subfield><subfield code="d">MGN</subfield><subfield code="d">OCL</subfield><subfield code="d">MGN</subfield><subfield code="d">NSD</subfield><subfield code="d">OCLCQ</subfield></datafield><datafield ind1=" " ind2=" " tag="019"><subfield code="a">13743019</subfield></datafield><datafield ind1="1" ind2=" " tag="029"><subfield code="a">AU@</subfield><subfield code="b">000025788296</subfield></datafield><datafield ind1=" " ind2=" " tag="037"><subfield code="b">Box 100, Lawrence, MA 01842</subfield></datafield><datafield ind1=" " ind2=" " tag="042"><subfield code="a">msc</subfield></datafield><datafield ind1="0" ind2="0" tag="050"><subfield code="a">Newspaper</subfield></datafield><datafield ind1="0" ind2="0" tag="245"><subfield code="a">Lawrence eagle-tribune.</subfield></datafield><datafield ind1="3" ind2="0" tag="246"><subfield code="a">Lawrence eagle tribune</subfield></datafield><datafield ind1="3" ind2="0" tag="246"><subfield code="a">Sunday eagle-tribune</subfield></datafield><datafield ind1=" " ind2=" " tag="260"><subfield code="a">Lawrence, Mass. :</subfield><subfield code="b">Eagle-Tribune Pub. Co.</subfield></datafield><datafield ind1=" " ind2=" " tag="300"><subfield code="a">v.</subfield></datafield><datafield ind1=" " ind2=" " tag="310"><subfield code="a">Daily,</subfield><subfield code="b">Oct. 1, 1978-1990</subfield></datafield><datafield ind1=" " ind2=" " tag="321"><subfield code="a">Daily (except Sun.),</subfield><subfield code="b">Sept. 28, 1959-Sept. 24, 1978</subfield></datafield><datafield ind1="0" ind2=" " tag="362"><subfield code="a">93rd year (Sept. 28, 1959)- ; -v. 247, no. 152 (Dec. 31, 1990).</subfield></datafield><datafield ind1=" " ind2=" " tag="500"><subfield code="a">On Sundays: Title varies, Feb. 17, 1974-Sept. 24,1978; Sunday eagle-tribune, Oct. 1, 1978-1990.</subfield></datafield><datafield ind1=" " ind2=" " tag="752"><subfield code="a">United States</subfield><subfield code="b">Massachusetts</subfield><subfield code="c">Essex</subfield><subfield code="d">Lawrence.</subfield></datafield><datafield ind1="0" ind2="4" tag="780"><subfield code="t">Lawrence daily eagle</subfield><subfield code="w">(DLC)sn 83020043</subfield></datafield><datafield ind1="0" ind2="4" tag="780"><subfield code="t">Evening tribune (Lawrence, Mass.)</subfield><subfield code="w">(DLC)sn 86071612</subfield></datafield><datafield ind1="0" ind2="5" tag="780"><subfield code="t">Lawrence Sunday sun</subfield></datafield><datafield ind1="0" ind2="0" tag="785"><subfield code="t">Eagle-tribune</subfield><subfield code="x">1084-4708</subfield><subfield code="w">(DLC)sn 92057032</subfield></datafield></record>